%file written by PhysBiblio
@Article{Bell:1998ds,
        author = "Bell, Nicole F. and Volkas, Raymond R. and Wong, Yvonne Y. Y.",
         title = "{Relic neutrino asymmetry evolution from first principles}",
       journal = "Phys.Rev.D",
        volume = "59",
          year = "1999",
         pages = "113001",
 archiveprefix = "arXiv",
  primaryclass = "hep-ph",
        eprint = "hep-ph/9809363",
           doi = "10.1103/PhysRevD.59.113001",
  reportnumber = "UM-P-98-43, RCHEP-98-09",
}

@Article{Bennett:2019ewm,
        author = "Bennett, Jack J. and Buldgen, Gilles and Drewes, Marco and Wong, Yvonne Y.Y.",
         title = "{Towards a precision calculation of the effective number of neutrinos $N_{\rm eff}$ in the Standard Model I: The QED equation of state}",
          year = "2019",
 archiveprefix = "arXiv",
  primaryclass = "hep-ph",
        eprint = "1911.04504",
}

@Article{Bennett:inprep,
        author = "Bennett, Jack J. and others",
         title = "{in preparation}",
}

@Article{Blaschke:2016xxt,
        author = "Blaschke, Daniel N. and Cirigliano, Vincenzo",
         title = "{Neutrino Quantum Kinetic Equations: The Collision Term}",
       journal = "Phys.Rev.D",
        volume = "94",
          year = "2016",
         pages = "033009",
 archiveprefix = "arXiv",
  primaryclass = "hep-ph",
        eprint = "1605.09383",
           doi = "10.1103/PhysRevD.94.033009",
        number = "3",
  reportnumber = "LA-UR-15-25029",
}

@Article{deSalas:2016ztq,
        author = "de Salas, Pablo F. and Pastor, Sergio",
         title = "{Relic neutrino decoupling with flavour oscillations revisited}",
       journal = "JCAP",
        volume = "07",
          year = "2016",
         pages = "051",
 archiveprefix = "arXiv",
  primaryclass = "hep-ph",
        eprint = "1606.06986",
           doi = "10.1088/1475-7516/2016/07/051",
  reportnumber = "TTK-16-23",
}

@Article{deSalas:2017kay,
        author = "de Salas, P. F. and Forero, D. V. and Ternes, C. A. and T{\'o}rtola, M. and Valle, J. W. F.",
         title = "{Status of neutrino oscillations 2018: 3 $\sigma$  hint for normal mass ordering and improved {CP} sensitivity}",
     publisher = "Elsevier {BV}",
       journal = "Phys.\ Lett.\ B",
        volume = "782",
          year = "2018",
         pages = "633-640",
 archiveprefix = "arXiv",
  primaryclass = "hep-ph",
        eprint = "1708.01186",
           doi = "10.1016/j.physletb.2018.06.019",
         month = "jul",
           url = "{https://doi.org/10.1016%2Fj.physletb.2018.06.019}",
}

@Article{dlsoda1,
        author = "Radhakrishnan, Krishnan and Hindmarsh, Alan C",
         title = "{Description and use of LSODE, the Livermore solver for ordinary differential equations}",
          year = "1993",
}

@Article{Dolgov:1997mb,
        author = "Dolgov, A.D. and Hansen, S.H. and Semikoz, D.V.",
         title = "{Nonequilibrium corrections to the spectra of massless neutrinos in the early universe}",
       journal = "Nucl.Phys.B",
        volume = "503",
          year = "1997",
         pages = "426-444",
           doi = "10.1016/S0550-3213(97)00479-3",
         arxiv = "hep-ph/9703315",
  reportnumber = "TAC-1997-010",
}

@Article{Enqvist:1991qj,
        author = "Enqvist, K. and Kainulainen, K. and Thomson, Mark J.",
         title = "{Stringent cosmological bounds on inert neutrino mixing}",
       journal = "Nucl.Phys.B",
        volume = "373",
          year = "1992",
         pages = "498-528",
           doi = "10.1016/0550-3213(92)90442-E",
}

@Article{Fornengo:1997wa,
        author = "Fornengo, N. and Kim, C.W. and Song, J.",
         title = "{Finite temperature effects on the neutrino decoupling in the early universe}",
       journal = "Phys.Rev.D",
        volume = "56",
          year = "1997",
         pages = "5123-5134",
        eprint = "hep-ph/9702324",
           doi = "10.1103/PhysRevD.56.5123",
  reportnumber = "KIAS-P-97002",
}

@Article{Gariazzo:2015rra,
        author = "Gariazzo, S. and Giunti, C. and Laveder, M. and Li, Y. F. and Zavanin, E. M.",
         title = "{Light sterile neutrinos}",
       journal = "J.Phys.G",
        volume = "43",
          year = "2016",
         pages = "033001",
 archiveprefix = "arXiv",
  primaryclass = "hep-ph",
        eprint = "1507.08204",
           doi = "10.1088/0954-3899/43/3/033001",
}

@Article{Gariazzo:2018mwd,
        author = "Gariazzo, S. and Giunti, C. and Laveder, M. and Li, Y. F.",
         title = "{Model-Independent $\bar\nu_{e}$ Short-Baseline Oscillations from Reactor Spectral Ratios}",
       journal = "Phys.Lett.B",
        volume = "782",
          year = "2018",
         pages = "13-21",
 archiveprefix = "arXiv",
  primaryclass = "hep-ph",
        eprint = "1801.06467",
           doi = "10.1016/j.physletb.2018.04.057",
}

@Article{Gariazzo:2019gyi,
        author = "Gariazzo, S. and de Salas, P. F. and Pastor, S.",
         title = "{Thermalisation of sterile neutrinos in the early Universe in the 3+1 scheme with full mixing matrix}",
       journal = "JCAP",
        volume = "07",
          year = "2019",
         pages = "014",
 archiveprefix = "arXiv",
  primaryclass = "astro-ph.CO",
        eprint = "1905.11290",
           doi = "10.1088/1475-7516/2019/07/014",
}

@Book{hindmarsh1982odepack,
        author = "Hindmarsh, A.C. and Lawrence Livermore Laboratory",
         title = "{ODEPACK, a Systematized Collection of ODE Solvers}",
     publisher = "Lawrence Livermore National Laboratory",
          year = "1982",
           url = "{https://books.google.es/books?id=9XWPmwEACAAJ}",
}

@Article{Lesgourgues:2011rh,
        author = "Lesgourgues, Julien and Tram, Thomas",
         title = "{The Cosmic Linear Anisotropy Solving System (CLASS) IV: efficient implementation of non-cold relics}",
       journal = "JCAP",
        volume = "09",
          year = "2011",
         pages = "032",
 archiveprefix = "arXiv",
  primaryclass = "astro-ph.CO",
        eprint = "1104.2935",
           doi = "10.1088/1475-7516/2011/09/032",
  reportnumber = "LAPTH-012-11",
}

@Article{Mangano:2001iu,
        author = "Mangano, G. and Miele, G. and Pastor, S. and Peloso, M.",
         title = "{A Precision calculation of the effective number of cosmological neutrinos}",
       journal = "Phys.Lett.B",
        volume = "534",
          year = "2002",
         pages = "8-16",
 archiveprefix = "arXiv",
  primaryclass = "astro-ph",
        eprint = "astro-ph/0111408",
           doi = "10.1016/S0370-2693(02)01622-2",
  reportnumber = "DSF-37-2001, MPI-PHT-2001-51",
}

@Article{McKellar:1992ja,
        author = "McKellar, Bruce H.J. and Thomson, Mark J.",
         title = "{Oscillating doublet neutrinos in the early universe}",
       journal = "Phys.Rev.D",
        volume = "49",
          year = "1994",
         pages = "2710-2728",
           doi = "10.1103/PhysRevD.49.2710",
  reportnumber = "MC-TP-92-10",
}

@Article{Mirizzi:2012we,
        author = "Mirizzi, Alessandro and Saviano, Ninetta and Miele, Gennaro and Serpico, Pasquale Dario",
         title = "{Light sterile neutrino production in the early universe with dynamical neutrino asymmetries}",
       journal = "Phys.Rev.D",
        volume = "86",
          year = "2012",
         pages = "053009",
 archiveprefix = "arXiv",
  primaryclass = "hep-ph",
        eprint = "1206.1046",
           doi = "10.1103/PhysRevD.86.053009",
  reportnumber = "LAPTH-026-12",
}

@Misc{newtoncotes,
         title = "{Newton-Cotes quadrature formula}",
  howpublished = "Encyclopedia of Mathematics. \url{http://www.encyclopediaofmath.org/index.php?title=Newton%E2%80%93Cotes_quadrature_formula&oldid=22842}",
}

@Article{NR,
        author = "N. Kaiser",
         title = "{Clustering in real space and in redshift space}",
     publisher = "Oxford University Press ({OUP})",
       journal = "Monthly Notices of the Royal Astronomical Society",
        volume = "227",
          year = "1987",
         pages = "1--21",
           doi = "10.1093/mnras/227.1.1",
          link = "http://dx.doi.org/10.1093/mnras/227.1.1",
         month = "jul",
        number = "1",
}

@Article{Romberg:1955,
        author = "Romberg, Werner",
         title = "{Vereinfachte numerische integration}",
     publisher = "Trondheim",
       journal = "Norske Vid. Selsk. Forh.",
        volume = "28",
          year = "1955",
         pages = "30--36",
}

@Article{Saviano:2013ktj,
        author = "Saviano, Ninetta and Mirizzi, Alessandro and Pisanti, Ofelia and Serpico, Pasquale Dario and Mangano, Gianpiero and Miele, Gennaro",
         title = "{Multi-momentum and multi-flavour active-sterile neutrino oscillations in the early universe: role of neutrino asymmetries and effects on nucleosynthesis}",
       journal = "Phys.Rev.D",
        volume = "87",
          year = "2013",
         pages = "073006",
 archiveprefix = "arXiv",
  primaryclass = "astro-ph.CO",
        eprint = "1302.1200",
           doi = "10.1103/PhysRevD.87.073006",
  reportnumber = "DF-2013-3, LAPTH-004-13",
}

@Article{Tanabashi:2018oca,
        author = "Tanabashi, M. and others",
         title = "{Review of Particle Physics}",
       journal = "Phys.Rev.",
        volume = "D98",
          year = "2018",
         pages = "030001",
           doi = "10.1103/PhysRevD.98.030001",
}

